@Article{REF08a,
  author = 	 {Rong-En Fan and Kai-Wei Chang and Cho-Jui Hsieh and Xiang-Rui Wang and Chih-Jen Lin},
  title = 	 {{LIBLINEAR}: A Library for Large Linear Classification},
  journal = 	 {Journal of Machine Learning Research},
  year = 	 {2008},
  volume =	 {9},
  pages =	 {1871--1874}
}

@Article{,
    title = {Regularization Paths for Generalized Linear Models via
      Coordinate Descent},
    author = {Jerome Friedman and Trevor Hastie and Robert Tibshirani},
    journal = {Journal of Statistical Software},
    year = {2010},
    volume = {33},
    number = {1},
    pages = {1--22},
    note = {http://www.jstatsoft.org/v33/i01/},
    }

@misc{website:Wordle,
      author = {Jonathan Feinberg},
      title = {Wordle - Beautiful Word Clouds},
        month = "December",
      year = "2014",
      note = {http://www.wordle.net/},
}

